<?xml version="1.0" encoding="UTF-8"?><collection xmlns="http://www.loc.gov/MARC21/slim"><record><leader>00880nam--2200205-u-4500</leader><controlfield tag="001">000054726</controlfield><controlfield tag="002">20161230</controlfield><controlfield tag="005">20161230201051</controlfield><controlfield tag="008">120525s1000------------r-----000-0-eng-d</controlfield><datafield ind1=" " ind2=" " tag="020"><subfield code="a">0854981535</subfield></datafield><datafield ind1=" " ind2=" " tag="040"><subfield code="a">IFIN-HH</subfield></datafield><datafield ind1=" " ind2=" " tag="080"><subfield code="a">539.125.164:539.163.2(061.3)</subfield></datafield><datafield ind1="1" ind2=" " tag="100"><subfield code="a">Egidy, Till Von</subfield></datafield><datafield ind1="1" ind2="0" tag="245"><subfield code="a">Neutron-capture gamma-ray spectroscopy and related topics 1981</subfield><subfield code="b">Proceedings of the fourth international symposium on neutron-capture gamma-ray spectroscopy and related topics organised by the institut laue-langevin and held at the institut des sciences nucleaires, grenoble, france, 7-11 september 1981</subfield><subfield code="c">Till von egidy, friedrich gonnenwein, brens maier (eds.)</subfield></datafield><datafield ind1=" " ind2=" " tag="260"><subfield code="a">Bristol</subfield><subfield code="b">The Institute Of Physics</subfield><subfield code="c">1981</subfield></datafield><datafield ind1=" " ind2=" " tag="300"><subfield code="a">728P</subfield></datafield><datafield ind1=" " ind2=" " tag="490"><subfield code="a">Conference Series</subfield><subfield code="v">Number 62</subfield></datafield><datafield ind1="1" ind2=" " tag="700"><subfield code="a">Maier, Brend</subfield><subfield code="e">Ed</subfield></datafield><datafield ind1=" " ind2=" " tag="852"><subfield code="a">70245</subfield><subfield code="c">539.163.2</subfield></datafield><datafield ind1=" " ind2=" " tag="CAT"><subfield code="a">Sys</subfield><subfield code="c">20120525</subfield><subfield code="h">142913</subfield></datafield></record></collection>